@article{anderson13,
	title={{Towards a sociology of computational and algorithmic journalism}},
	journal={New Media & Society},
	entrysubtype = {magazine},
	author={Christopher W. Anderson},
	year = {2013},
	url = {},
	urldate = {}
	}
@online{ap15,
	title={{AP, NCAA to Grow College Sports Coverage With Automated Game Stories}},
	organization={Associated Press},
	author={},
	year = {4 March 2015},
	url = {http://www.ap.org/Content/Press-Release/2015/AP-NCAA-to-grow-college-sports-coverage-with-automated-game-stories},
	urldate = {}
	}
@online{ap15_2,
	title={{Netflix Misses Street 2Q Forecasts}},
	organization={Associated Press},
	author={},
	year = {15 July 2015},
	url = {http://finance.yahoo.com/news/netflix-misses-street-2q-forecasts-202216117.html},
	urldate = {}
	}
@online{ap15_3,
	title={{Exxon 3Q Profit Falls by Nearly Half Amid Low Oil Prices}},
	organization={Associated Press},
	author={David Koenig},
	year = {30 October 2015},
	url = {http://www.salon.com/2015/10/30/exxon_3q_profit_falls_by_nearly_half_amid_low_oil_prices/},
	urldate = {}
	}
@online{ap15_4,
	title={{Apple Tops Street 1Q Forecasts}},
	organization={Associated Press},
	author={},
	year = {27 January 2015},
	url = {http://finance.yahoo.com/news/apple-tops-street-1q-forecasts-213944804.html},
	urldate = {}
	}
@article{bak15,
	title={{Exposure to Ideologically Diverse News and Opinion on Facebook}},
	journal={Science},
	entrysubtype = {magazine},
	author={Lada Adamic, Eytan Bakshy, and Solomon Messing},
	year = {2015},
	url = {},
	urldate = {}
	}
@article{carlson15,
	title={{The Robotic Reporter}},
	journal={Digital Journalism},
	entrysubtype = {magazine},
	author={Matt Carlson},
	year = {2015},
	url = {},
	urldate = {}
	}
@article{clerwall15,
	title={{Enter the Robot Journalist}},
	journal={Journalism Practice},
	entrysubtype = {magazine},
	author={Christer Clerwall},
	year = {2014},
	url = {},
	urldate = {}
	}
@article{cohen15,
	title={{From Pink Lips to Pink Slime: Transforming Media Labor in a Digital Age}},
	journal={The Communication Review},
	entrysubtype = {magazine},
	author={Nicole S. Cohen},
	year = {2015},
	url = {},
	urldate = {}
	}
@article{daily15,
	title={{Robot Journalists}},
	journal={The Daily Show},
	vol = {},
	number = {},
	pages = {},
	author={},
	year = {2015},
	url = {http://www.cc.com/video-clips/fh76l0/the-daily-show-with-trevor-noah-robot-journalists},
	urldate = {}
	}
@article{dalen12,
	title={{The Algorithms Behind the Headlines}},
	journal={Journalism Practice},
	entrysubtype = {magazine},
	author={Arjen van Dalen},
	year = {2012},
	url = {},
	urldate = {}
	}
@online{diak15,
	title={{Towards a Standard for Algorithmic Transparency in the Media}},
	organization={Tow Center for Digital Journalism},
	author={Nicholas Diakolpoulos},
	year = {27 April 2015},
	url = {http://towcenter.org/towards-a-standard-for-algorithmic-transparency-in-the-media/},
	urldate = {}
	}
@article{diak152,
	title={{Algorithmic Accountability: Journalistic Investigation of Computational Power Structures }},
	journal={Digital Journalism},
	entrysubtype = {magazine},
	author={Nicholas Diakolpoulos},
	year = {2015},
	url = {},
	urldate = {}
	}
@article{doerr15,
	title={{Mapping the Field of Algorithmic Journalism}},
	journal={Digital Journalism},
	vol = {},
	number = {},
	pages = {},
	author={Konstantin Nicholas Dörr},
	year = {3 November 2015},
	url = {http://dx.doi.org/10.1080/21670811.2015.1096748},
	urldate = {}
	}
@article{earle11,
	title={{Twitter earthquake detection: earthquake monitoring in a social world}},
	journal={Annals of Geophysics},
	entrysubtype = {magazine},
	author={Paul S. Earle, Daniel C. Bowden and Michelle Guy},
	year = {2011},
	url = {},
	urldate = {}
	}
@article{feuz11,
	title={{Personal Web Searching in the Age of Semantic Capitalism: Diagnosing the Mechanisms of Personalisation}},
	journal={First Monday},
	entrysubtype = {magazine},
	author={Martin Feuz, Matthew Fuller, and Felix Stalder},
	year = {2011},
	url = {http://firstmonday.org/ojs/index.php/fm/article/view/3344/2766},
	urldate = {}
	}
@article{flax15,
	title={{Filter Bubbles, Echo Chambers, and Online News Consumption}},
	journal={Working paper},
	vol = {},
	number = {},
	pages = {},
	author={Seth Flaxman, Sharad Goel, and Justin Rao},
	year = {2015},
	url = {https://5harad.com/papers/bubbles.pdf},
	urldate = {}
	}
@inproceedings{gao14,
	title={{NewsViews: An Automated Pipeline for Creating Custom Geovisualizations for News}},
	booktitle ={32nd Annual ACM Conference on Human Factors in Computing Systems, New York},
	author={Tong Gao, Jessica Hullman, Eytan Adar, Brent Hecht and Nicholas Diakopoulos},
	year = {2014},
	url = {},
	urldate = {}
	}
@article{glahn70,
	title={{Computer-produced worded forecasts}},
	journal={Bulletin of the American Meteorological Society},
	entrysubtype = {magazine},
	author={Harry R. Glahn},
	year = {1970},
	url = {},
	urldate = {}
	}
@online{graefe15,
	title={{Readers’ Perception of Computer-Written News: Credibility, Expertise, and Readability}},
	organization={Dubrovnik Media Days Conference, University of Dubrovnik},
	author={Andreas Graefe, Mario Haim, Bastian Haarmann, and Hans-Bernd Brosius},
	year = {2015},
	url = {},
	urldate = {}
	}
@article{haim15,
	title={{Abyss or Shelter? On the Relevance of Web Search Engines' Search Results When People Google for Suicide}},
	journal={Health Communication},
	vol = {},
	number = {},
	pages = {},
	author={Florian Arendt, Mario Haim, and Sebastian Scherr},
	year = {2015},
	url = {},
	urldate = {}
	}
@inproceedings{kaa14,
	title={{Journalist Versus News Consumer: The Perceived Credibility of Machine Written News}},
	booktitle ={Computation + Journalism Conference, Columbia University, New York},
	author={Hille van der Kaa and Emiel Krahmer},
	year = {2014},
	url = {},
	urldate = {}
	}
@online{kent15,
	title={{An Ethical Checklist for Robot Journalism}},
	organization={Medium},
	author={Tom Kent},
	year = {24 February 2015},
	url = {https://medium.com/@tjrkent/an-ethical-checklist-for-robot-journalism-1f41dcbd7be2},
	urldate = {}
	}
@online{klein13,
	title={{How To Edit 52,000 Stories at Once}},
	organization={ProPublica},
	author={Scott Klein},
	year = {2013},
	url = {https://www.propublica.org/nerds/item/how-to-edit-52000-stories-at-once},
	urldate = {}
	}
@article{korm14,
	title={{Tailor-Made News: Meeting the Demands of News Users on Mobile and Social Media}},
	journal={Journalism Studies},
	entrysubtype = {magazine},
	author={Tim Groot Kormelink and Irene Costera Meljer},
	year = {2014},
	url = {},
	urldate = {}
	}
@online{kot15,
	title={{New Data-driven Writing Platform Enables Professionals to Create Personalized Content at Unprecedented Scale}},
	organization={Automated Insights},
	author={James Kotecki},
	year = {20 October 2015},
	url = {http://www.prweb.com/releases/2015/10/prweb13029986.htm},
	urldate = {}
	}
@incollection{latar15,
	title = {{The Robot Journalist in the Age of Social Physics: The End of Human Journalism?}},
	editor = {Gail Einav},
	booktitle ={The New World of Transitioned Media},
	author={Noam Lemelshtrich Latar},
	year = {2015},
	url = {http://link.springer.com/chapter/10.1007%2F978-3-319-09009-2_6},
	urldate = {}
	}
@article{lazer14,
	title={{The parable of Google Flu: Traps in big data analysis}},
	journal={Science},
	entrysubtype = {magazine},
	author={David Lazer, Ryan Kennedy, Gary King, and Alessandro Vespignani},
	year = {2014},
	url = {},
	urldate = {}
	}
@online{leco15,
	title={{Automation in the Newsroom}},
	organization={Nieman Foundation},
	author={Celeste Lecompte},
	year = {1 September 2015},
	url = {http://niemanreports.org/articles/automation-in-the-newsroom/},
	urldate = {}
	}
@article{leon15,
	title={{The Best and Worst Places to Grow Up: How Your Area Compares}},
	journal={New York Times},
	vol = {},
	number = {},
	pages = {},
	author={Gregor Aisch, Eric Buth, Matthew Bloch, Amanda Cox And Kevin Quealy},
	year = {3 May 2015},
	url = {http://www.nytimes.com/interactive/2015/05/03/upshot/the-best-and-worst-places-to-grow-up-how-your-area-compares.html?_r=0},
	urldate = {}
	}
@article{levy12,
	title={{Can an Algorithm Write a Better News Story Than a Human Reporter?}},
	journal={Wired},
	vol = {},
	number = {},
	pages = {},
	author={Steven Levy},
	year = {24 April 2012},
	url = {http://www.wired.com/2012/04/can-an-algorithm-write-a-better-news-story-than-a-human-reporter/},
	urldate = {}
	}
@article{lokot15,
	title={{News Bots: Automating News and Information Dissemination on Twitter}},
	journal={Digital Journalism},
	vol = {},
	number = {},
	pages = {},
	author={Tetyana Lokot and Nicholas Diakopoulos},
	year = {},
	url = {http://dx.doi.org/10.1080/21670811.2015.1081822 },
	urldate = {}
	}
@online{mercer15,
	title={{Two Powerful Earthquakes Did Not Hit Northern California, Automated Quake Alerts Fail USGS, LA Times After Deep Japan Quake}},
	organization={CBS SF Bay Area},
	author={Brandon Mercer},
	year = {30 May 2015},
	url = {http://sanfrancisco.cbslocal.com/2015/05/30/4-8-and-5-5-magnitude-earthquakes-did-not-hit-northern-california-automated-quake-alerts-fail-usgs-la-times-a-2nd-and-3rd-time/},
	urldate = {}
	}
@article{napoli14,
	title={{Automated Media: An Institutional Theory Perspective on Algorithmic Media Production and Consumption}},
	journal={Communication Theory},
	entrysubtype = {magazine},
	author={Philip M. Napoli},
	year = {2014},
	url = {},
	urldate = {}
	}
@book{nichols2010,
	author={Nathan Nichols},
	year = {2010},
	url = {http://ndnichols.com/documents/NicholsThesis.pdf},
	urldate = {}
	}
@online{ns13,
	title={{Case Study: Forbes}},
	organization={Narrative Science},
	author={},
	year = {19 May 2015},
	url = {http://resources.narrativescience.com/h/i/83535927-case-study-forbes},
	urldate = {}
	}
@article{nyt15,
	title={{Did a Human or a Computer Write This?}},
	journal={The New York Times},
	vol = {},
	number = {},
	pages = {},
	author={},
	year = {7 March 2015},
	url = {http://www.nytimes.com/interactive/2015/03/08/opinion/sunday/algorithm-human-quiz.html?smid=pl-share&_r=0},
	urldate = {}
	}
@incollection{oliveira15,
	title = {{Poetry Generation With PoeTryMe}},
	editor = {Tarek Besold, Marco Schorlemmer and Alan Smaill},
	booktitle ={Computational Creativity Research: Towards Creative Machines},
	author={Amílcar Cardoso and Hugo Oliveira},
	year = {2015},
	url = {},
	urldate = {}
	}
@online{ombelet15,
	title={{Supervising automated journalists in the newsroom: liability for algorithmically produced news stories}},
	organization={Dubrovnik Media Days: Artificial Intelligence, Robots and the Media, University of Dubrovnik},
	author={Pieter-Jan Ombelet, Aleksandra Kuczerawy, and Peggy Valcke},
	year = {2015},
	url = {},
	urldate = {}
	}
@online{oremus15,
	title={{Why Robot?}},
	organization={Slate},
	author={Will Oremus},
	year = {2015},
	url = {http://www.slate.com/articles/technology/future_tense/2015/02/automated_insights_ap_earnings_reports_robot_journalists_a_misnomer.html},
	urldate = {}
	}
@book{paris11,
	author={Eli Pariser},
	year = {2011},
	url = {},
	urldate = {}
	}
@article{pluc14,
	title={{How an Algorithm Helped the LAT Scoop Monday’s Quake}},
	journal={Columbia Journalism Review},
	vol = {},
	number = {},
	pages = {},
	author={Joanna Plucinska},
	year = {18 March 2014},
	url = {http://www.cjr.org/united_states_project/how_an_algorithm_helped_the_lat_scoop_mondays_quake.php },
	urldate = {}
	}
@book{reiter2000,
	author={Ehud Reiter and Robert Dale},
	year = {2000},
	url = {},
	urldate = {}
	}
@report{schlegel15,
	author={Kurt Schlegel},
	year = {2015},
	url = {},
	urldate = {}
	}
@online{sie14,
	title={{Roboterjournalismus im Jahre 2020---Acht Thesen}},
	organization={The Huffington Post},
	author={Alexander Siebert},
	year = {8 August 2014},
	url = {http://www.huffingtonpost.de/alexander-siebert/roboterjournalismus-im-jahre-2020---acht-thesen_b_5655061.html},
	urldate = {}
	}
@online{ulanoff14,
	title={{Need to Write 5 Million Stories a Week? Robot Reporters to the Rescue}},
	organization={Mashable},
	author={Lance Ulanoff},
	year = {1 July 2014},
	url = {http://mashable.com/2014/07/01/robot-reporters-add-data-to-the-five-ws/#jlMMJqbFtSq4},
	urldate = {}
	}
@online{vs15,
	title={{An NPR Reporter Raced a Machine to Write a News Story. Who Won?}},
	organization={NPR},
	author={Stacey Vanek Smith},
	year = {29 May 2015},
	url = {http://www.npr.org/sections/money/2015/05/20/406484294/an-npr-reporter-raced-a-machine-to-write-a-news-story-who-won},
	urldate = {}
	}
@online{wan15,
	title={{Trends in Newsrooms 2015}},
	organization={World Association of Newspapers and News Publishers},
	author={},
	year = {2015},
	url = {http://www.wan-ifra.org/reports/2015/06/02/trends-in-newsrooms-2015},
	urldate = {}
	}
@article{weeks14,
	title={{Media law and copyright implications of automated journalism}},
	journal={Journal of Intellectual Property and Entertainment Law},
	entrysubtype = {magazine},
	author={Lin Weeks},
	year = {2014},
	url = {},
	urldate = {}
	}
@incollection{wei12,
	title = {{Journalism in Germany in the 21st Century}},
	editor = {David Weaver and Lars Willnat},
	booktitle ={The Global Journalist in the 21st Century},
	author={Siegfried Weischenberg, Maja Malik, and Armin Scholl},
	year = {2012},
	url = {},
	urldate = {}
	}
@online{white15,
	title={{Automated Earnings Stories Multiply}},
	organization={Associated Press},
	author={Erin Medigan White},
	year = {29 January 2015},
	url = {https://blog.ap.org/announcements/automated-earnings-stories-multiply},
	urldate = {}
	}
@article{young15,
	title={{From Mr. and Mrs. Outlier to Central Tendencies}},
	journal={Digital Journalism},
	entrysubtype = {magazine},
	author={Alfred Hermida and Mary Lynn Young},
	year = {2015},
	url = {},
	urldate = {}
	}
